@ONLINE{URL:internetstats,
  author = {Internet World Stats},
  title = {World Internet Users and Population Stats {@ONLINE}},
  month = sep,
  year = {2014},
  url = {http://www.internetworldstats.com/stats.htm}
}

@ONLINE{URL:TIME1,
  author = {TIME},
  title = {Person of the Year: You {@ONLINE}},
  month = sep,
  year = {2014},
  url = {http://content.time.com/time/covers/0,16641,20061225,00.html}
}

@ONLINE{URL:TIME2,
  author = {TIME},
  title = {You — Yes, You — Are TIME's Person of the Year {@ONLINE}},
  month = sep,
  year = {2014},
  url = {http://content.time.com/time/magazine/article/0,9171,1570810,00.html}
}

@ONLINE{URL:alexatop,
  author = {Alexa},
  title = {The top 500 sites on the web. {@ONLINE}},
  month = sep,
  year = {2014},
  url = {http://www.alexa.com/topsites}
}

@ONLINE{URL:cybermon,
  author = {The Verge},
  title = {Amazon sold 426 items per second in run-up to Christmas {@ONLINE}},
  month = sep,
  year = {2014},
  url = {http://www.theverge.com/2013/12/26/5245008/amazon-sees-prime-spike-in-2013-holiday-season}
}

@ONLINE{URL:factshunt,
  author = {Facts Hunts},
  title = {Tit {@ONLINE}},
  month = sep,
  year = {2014},
  url = {http://www.factshunt.com/2014/01/total-number-of-websites-size-of.html}
}

@ONLINE{URL:fidelity,
  author = {The New York Times},
  title = {How Companies Learn Your Secrets {@ONLINE}},
  month = sep,
  year = {2014},
  url = {http://www.nytimes.com/2012/02/19/magazine/shopping-habits.html}
}

@ONLINE{URL:facebookstats,
  author = {The Guardian},
  title = {Facebook: 10 years of social networking, in numbers {@ONLINE}},
  month = sep,
  year = {2014},
  url = {http://www.theguardian.com/news/datablog/2014/feb/04/facebook-in-numbers-statistics}
}

@ONLINE{URL:mediastats2012,
  author = {The Social Skinny},
  title = {100 social media statistics for 2012 {@ONLINE}},
  month = sep,
  year = {2014},
  url = {http://thesocialskinny.com/100-social-media-statistics-for-2012/}
}

@ONLINE{URL:mediastats2014,
  author = {Digital Insights},
  title = {Social Media 2014 Statistics – an interactive Infographic you’ve been waiting for! {@ONLINE}},
  month = sep,
  year = {2014},
  url = {http://blog.digitalinsights.in/social-media-users-2014-stats-numbers/05205287.html}
}

@ONLINE{URL:top30ent,
  author = {Forbes},
  title = {Top 10 Entrepreneurs In 2013 {@ONLINE}},
  month = sep,
  year = {2014},
  url = {http://www.forbes.com/sites/drewhendricks/2013/12/17/top-10-entrepreneurs-in-2013/}
}

@ONLINE{URL:usinghadoop,
  author = {Hadoop Wiki},
  title = {PoweredBy Hadoop {@ONLINE}},
  month = sep,
  year = {2014},
  url = {http://wiki.apache.org/hadoop/PoweredBy}
}

@ONLINE{URL:vox,
  author = {Vox - Osservatorio Italiano sui Diritti},
  title = {Vox lancia la “Mappa dell’Intolleranza” {@ONLINE}},
  month = sep,
  year = {2014},
  url = {http://www.voxdiritti.it/?p=2353}
}

@ONLINE{URL:cpuimage,
  author = {Preshing on programming},
  title = {A Look Back at Single-Threaded CPU Performance {@ONLINE}},
  month = sep,
  year = {2014},
  url = {http://preshing.com/20120208/a-look-back-at-single-threaded-cpu-performance/}
}

@ONLINE{URL:storagegrowth,
  author = {Ars Technica},
  title = {Information explosion: how rapidly expanding storage spurs innovation {@ONLINE}},
  month = sep,
  year = {2014},
  url = {http://arstechnica.com/business/2011/09/information-explosion-how-rapidly-expanding-storage-spurs-innovation/}
}

@ONLINE{URL:nielsenlaw,
  author = {Jakob Nielsen},
  title = {Nielsen's Law of Internet Bandwidth {@ONLINE}},
  month = sep,
  year = {2014},
  url = {http://www.nngroup.com/articles/law-of-bandwidth/}
}

@ONLINE{URL:increaseusage,
  author = {The Main Street Analyst},
  title = {The Growth Of The Internet Over The Past 10 Years – Infographic {@ONLINE}},
  month = sep,
  year = {2014},
  url = {http://www.themainstreetanalyst.com/the-growth-of-the-internet-over-the-past-10-years-infographic/}
}

@ONLINE{URL:nosqltrend,
  author = {Indeed},
  title = {NoSQL job trends {@ONLINE}},
  month = sep,
  year = {2014},
  url = {http://www.indeed.com/jobtrends/nosql.html}
}

@ONLINE{URL:gcpbest1,
  author = {InfoWorld},
  title = {Ultimate cloud speed tests: Amazon vs. Google vs. Windows Azure {@ONLINE}},
  month = sep,
  year = {2014},
  url = {http://www.infoworld.com/article/2610403/cloud-computing/ultimate-cloud-speed-tests--amazon-vs--google-vs--windows-azure.html}
}

@ONLINE{URL:gcpbest2,
  author = {Your Story},
  title = {Ten Features that make Google Compute Engine (GCE) better than AWS {@ONLINE}},
  month = sep,
  year = {2014},
  url = {http://yourstory.com/2013/12/google-compute-engine-better-than-aws/}
}

@ONLINE{URL:dbengines,
  author = {DB-Engines},
  title = {Knowledge Base of Relational and NoSQL Database Management Systems {@ONLINE}},
  month = sep,
  year = {2014},
  url = {http://db-engines.com/}
}

@ONLINE{URL:,
  author = {},
  title = {Tit {@ONLINE}},
  month = sep,
  year = {2014},
  url = {}
}

@ONLINE{URL:,
  author = {},
  title = {Tit {@ONLINE}},
  month = sep,
  year = {2014},
  url = {}
}

@ONLINE{URL:,
  author = {},
  title = {Tit {@ONLINE}},
  month = sep,
  year = {2014},
  url = {}
}

@inbook{hbase:def1,
  author       = {Dimiduk, Nick and KhuranaKorn, Amandeep},
  title        = {HBase in Action},
  chapter      = 1,
  page         = 6,
  publisher    = {Manning Publications Co.},
  isbn         = {9781617290527},
  year         = 2012
}

@book{hadoop,
 author = {Chuck Lam},
 title = {Hadoop in Action},
 year = {2010},
 chapter = {1, 2, 3, 4},
 publisher = {Manning Publications Co.},
 isbn = {9781935182191}
} 

@book{ibm:def1,
 author = {IBM and Zikopoulos, Paul and Eaton, Chris},
 title = {Understanding Big Data: Analytics for Enterprise Class Hadoop and Streaming Data},
 year = {2011},
 isbn = {0071790535, 9780071790536},
 edition = {1st},
 publisher = {McGraw-Hill Osborne Media},
 chapter = 1,
 pages = {3, 5},
}

@book{irlaplace,
 author = {C.D. Manning and 
           P. Raghavan and 
           M. Schütze},
 title = {Introduction to Information Retrieval},
 year = {2008},
 publisher = {Cambridge University Press},
 pages = {260},
} 

@inproceedings{privacy1,
 author = {Young, Alyson L. and Quan-Haase, Anabel},
 title = {Information Revelation and Internet Privacy Concerns on Social Network Sites: A Case Study of Facebook},
 booktitle = {Proceedings of the Fourth International Conference on Communities and Technologies},
 series = {C\&\#38;T '09},
 year = {2009},
 isbn = {978-1-60558-713-4},
 location = {University Park, PA, USA},
 pages = {265--274},
 numpages = {10},
 url = {http://doi.acm.org/10.1145/1556460.1556499},
 doi = {10.1145/1556460.1556499},
 acmid = {1556499},
 publisher = {ACM},
 address = {New York, NY, USA},
 keywords = {facebook, information revelation, internet privacy, privacy protection strategies, social network sites},
} 

@inproceedings{privacy2,
 author = {Clement, Andrew},
 title = {Re-thinking Networked Privacy, Security, Identity and Access Control in Our Surveillance States},
 booktitle = {Proceedings of the 19th ACM Symposium on Access Control Models and Technologies},
 series = {SACMAT '14},
 year = {2014},
 isbn = {978-1-4503-2939-2},
 location = {London, Ontario, Canada},
 pages = {185--186},
 numpages = {2},
 url = {http://doi.acm.org/10.1145/2613087.2613089},
 doi = {10.1145/2613087.2613089},
 acmid = {2613089},
 publisher = {ACM},
 address = {New York, NY, USA},
 keywords = {privacy, security, surveillance},
} 

@incollection{moore,
 author = {Moore, Gordon E.},
 chapter = {Cramming More Components Onto Integrated Circuits},
 title = {Readings in Computer Architecture},
 editor = {Hill, Mark D. and Jouppi, Norman P. and Sohi, Gurindar S.},
 year = {2000},
 isbn = {1-55860-539-8},
 pages = {56--59},
 numpages = {4},
 url = {http://dl.acm.org/citation.cfm?id=333067.333074},
 acmid = {333074},
 publisher = {Morgan Kaufmann Publishers Inc.},
 address = {San Francisco, CA, USA},
} 

@techreport{bipm,
  author 	= {Organisation Intergouvernementale de la Convention du M\`etre},
  onlineversion = {http://www.bipm.org/en/si/si_brochure/general.html},
  title         = {The International System of Units (SI), 8th ed},
  year          = {2006}
}

@techreport{wacky,
  author 	= {Marco Baroni and
		   Silvia Bernardini and
		   Adriano Ferraresi and
		   Eros Zanchetta},
  onlineversion = {http://wacky.sslmit.unibo.it/lib/exe/fetch.php?media=papers:wacky_2008.pdf},
  title         = {The WaCky Wide Web: A Collection of Very Large Linguistically Processed Web-Crawled Corpora},
  year          = {2006}
}

@techreport{idcexp,
  author 	= {IDC},
  onlineversion = {http://www.emc.com/collateral/analyst-reports/expanding-digital-idc-white-paper.pdf},
  title         = {The Expanding Digital Universe},
  year          = {2007}
}

@techreport{accenture:cloud,
  author 	= {Accenture},
  onlineversion = {http://www.accenture.com/us-en/Pages/insight-cloud-based-hadoop-future-big-data.aspx},
  title         = {Cloud-Based Hadoop: The Future of Big Data?},
  year          = {2014}
}

@techreport{accenture:hadoop,
  author 	= {Accenture},
  onlineversion = {http://www.accenture.com/us-en/Pages/insight-hadoop-deployment-comparison.aspx},
  title         = {Four Options for Enterprise IT when Deploying the Big Data System Hadoop},
  year          = {2014}
}

@inproceedings{google:filesystem,
  author    = {Sanjay Ghemawat and
               Howard Gobioff and
               Shun{-}Tak Leung},
  title     = {The Google file system},
  booktitle = {Proceedings of the 19th {ACM} Symposium on Operating Systems Principles
               2003, {SOSP} 2003, Bolton Landing, NY, USA, October 19-22, 2003},
  year      = {2003},
  pages     = {29--43},
  crossref  = {DBLP:conf/sosp/2003},
  url       = {http://doi.acm.org/10.1145/945445.945450},
  doi       = {10.1145/945445.945450},
  timestamp = {Wed, 24 Sep 2014 23:33:30 +0200},
  biburl    = {http://dblp.uni-trier.de/rec/bib/conf/sosp/GhemawatGL03},
  bibsource = {dblp computer science bibliography, http://dblp.org}
}

@inproceedings{google:mapreduce,
 author = {Dean, Jeffrey and Ghemawat, Sanjay},
 title = {MapReduce: Simplified Data Processing on Large Clusters},
 booktitle = {Proceedings of the 6th Conference on Symposium on Opearting Systems Design \& Implementation - Volume 6},
 series = {OSDI'04},
 year = {2004},
 location = {San Francisco, CA},
 pages = {10--10},
 numpages = {1},
 url = {http://dl.acm.org/citation.cfm?id=1251254.1251264},
 acmid = {1251264},
 publisher = {USENIX Association},
 address = {Berkeley, CA, USA},
} 

@article{google:bigtable,
 author = {Chang, Fay and Dean, Jeffrey and Ghemawat, Sanjay and Hsieh, Wilson C. and Wallach, Deborah A. and Burrows, Mike and Chandra, Tushar and Fikes, Andrew and Gruber, Robert E.},
 title = {Bigtable: A Distributed Storage System for Structured Data},
 journal = {ACM Trans. Comput. Syst.},
 issue_date = {June 2008},
 volume = {26},
 number = {2},
 month = jun,
 year = {2008},
 issn = {0734-2071},
 pages = {4:1--4:26},
 articleno = {4},
 numpages = {26},
 url = {http://doi.acm.org/10.1145/1365815.1365816},
 doi = {10.1145/1365815.1365816},
 acmid = {1365816},
 publisher = {ACM},
 address = {New York, NY, USA},
 keywords = {Large-Scale Distributed Storage},
}

@inproceedings{predpers1,
  author    = {Jennifer Golbeck and
               Cristina Robles and
               Michon Edmondson and
               Karen Turner},
  title     = {Predicting Personality from Twitter},
  booktitle = {PASSAT/SocialCom 2011, Privacy, Security, Risk and Trust (PASSAT),
               2011 {IEEE} Third International Conference on and 2011 {IEEE} Third
               International Conference on Social Computing (SocialCom), Boston,
               MA, USA, 9-11 Oct., 2011},
  year      = {2011},
  pages     = {149--156},
  crossref  = {DBLP:conf/socialcom/2011},
  url       = {http://doi.ieeecomputersociety.org/10.1109/PASSAT/SocialCom.2011.33},
  doi       = {10.1109/PASSAT/SocialCom.2011.33},
  timestamp = {Sat, 27 Sep 2014 12:47:06 +0200},
  biburl    = {http://dblp.uni-trier.de/rec/bib/conf/socialcom/GolbeckRET11},
  bibsource = {dblp computer science bibliography, http://dblp.org}
}

@inproceedings{predpers2,
  author    = {Jennifer Golbeck and
               Cristina Robles and
               Karen Turner},
  title     = {Predicting personality with social media},
  booktitle = {Proceedings of the International Conference on Human Factors in Computing
               Systems, {CHI} 2011, Extended Abstracts Volume, Vancouver, BC, Canada,
               May 7-12, 2011},
  year      = {2011},
  pages     = {253--262},
  crossref  = {DBLP:conf/chi/2011a},
  url       = {http://doi.acm.org/10.1145/1979742.1979614},
  doi       = {10.1145/1979742.1979614},
  timestamp = {Sat, 27 Sep 2014 12:48:22 +0200},
  biburl    = {http://dblp.uni-trier.de/rec/bib/conf/chi/GolbeckRT11},
  bibsource = {dblp computer science bibliography, http://dblp.org}
}

@inproceedings{predpers3,
  author    = {Daniele Quercia and
               Michal Kosinski and
               David Stillwell and
               Jon Crowcroft},
  title     = {Our Twitter Profiles, Our Selves: Predicting Personality with Twitter},
  booktitle = {PASSAT/SocialCom 2011, Privacy, Security, Risk and Trust (PASSAT),
               2011 {IEEE} Third International Conference on and 2011 {IEEE} Third
               International Conference on Social Computing (SocialCom), Boston,
               MA, USA, 9-11 Oct., 2011},
  year      = {2011},
  pages     = {180--185},
  crossref  = {DBLP:conf/socialcom/2011},
  url       = {http://doi.ieeecomputersociety.org/10.1109/PASSAT/SocialCom.2011.26},
  doi       = {10.1109/PASSAT/SocialCom.2011.26},
  timestamp = {Sat, 27 Sep 2014 12:49:53 +0200},
  biburl    = {http://dblp.uni-trier.de/rec/bib/conf/socialcom/QuerciaKSC11},
  bibsource = {dblp computer science bibliography, http://dblp.org}
}


@inproceedings{predpers4,
  author    = {Michal Kosinski and
               David Stillwell and
               Thore Graepel               
               },
  title     = {Private traits and attributes are predictable from digital records of human behavior},
  year      = {2013},
  url       = {https://4f46691c-a-dbcb5f65-s-sites.googlegroups.com/a/michalkosinski.com/michalkosinski/pnas2013.pdf?}
}

@article{recsys,
 author = {Huang, Zan and Chung, Wingyan and Chen, Hsinchun},
 title = {A Graph Model for E-commerce Recommender Systems},
 journal = {J. Am. Soc. Inf. Sci. Technol.},
 issue_date = {February 2004},
 volume = {55},
 number = {3},
 month = feb,
 year = {2004},
 issn = {1532-2882},
 pages = {259--274},
 numpages = {16},
 url = {http://dx.doi.org/10.1002/asi.10372},
 doi = {10.1002/asi.10372},
 acmid = {985359},
 publisher = {John Wiley \& Sons, Inc.},
 address = {New York, NY, USA},
}

@mastersthesis{nosqlorig,
  added-at = {2011-11-18T15:33:37.000+0100},
  author = {Lith, Adam and Mattsson, Jakob},
  biburl = {http://www.bibsonomy.org/bibtex/2601013440b9ba0f3617c705820fc95ac/nosebrain},
  interhash = {637f6115dc1beed19868cd95e822cd0b},
  intrahash = {601013440b9ba0f3617c705820fc95ac},
  keywords = {data large storage},
  timestamp = {2011-11-18T15:33:37.000+0100},
  title = {Investigating storage solutions for large data - A comparison of well performing and scalable data storage solutions for real time extraction and batch insertion of data},
  year = 2010
}
